<collection xmlns="http://www.loc.gov/MARC21/slim">
<record>
  <leader>00942nam0a22002051i 450 </leader>
  <controlfield tag="001">IT\ICCU\CNCE\079545</controlfield>
  <controlfield tag="005">20170731000000.0</controlfield>
  <datafield tag="012" ind1=" " ind2=" ">
    <subfield code="a">a-he maia o;to PiTr (C) 1550 (Q)</subfield>
    <subfield code="2">fei</subfield>
  </datafield>
  <datafield tag="100" ind1=" " ind2=" ">
    <subfield code="a">20170731f15501555    0itac0103    ba</subfield>
  </datafield>
  <datafield tag="101" ind1=" " ind2=" ">
    <subfield code="a">ITA</subfield>
  </datafield>
  <datafield tag="102" ind1=" " ind2=" ">
    <subfield code="a">IT</subfield>
  </datafield>
  <datafield tag="200" ind1="1" ind2=" ">
    <subfield code="a">Rime, e versi sciolti, con sdruscioli bisticci. E centoni de m. Ganimede Panfilo da San Seuerino, cancellero al presente della citt ̉de Nocera dell&apos;Vmbria</subfield>
  </datafield>
  <datafield tag="210" ind1=" " ind2=" ">
    <subfield code="d">\tra il 1550 e il 1555!</subfield>
  </datafield>
  <datafield tag="215" ind1=" " ind2=" ">
    <subfield code="a">\44! c.</subfield>
    <subfield code="d">4ʻ</subfield>
  </datafield>
  <datafield tag="300" ind1=" " ind2=" ">
    <subfield code="a">La data presunta di pubblicazione si ricava dalla dedica dell&apos;autore ad Angelo Massarelli citato come segretario di papa Giulio III, carica che rivest dal 1550 al 1555</subfield>
  </datafield>
  <datafield tag="700" ind1=" " ind2="1">
    <subfield code="a">Panfilo,</subfield>
    <subfield code="b">Ganimede</subfield>
    <subfield code="3">IT\ICCU\CNCA\007173</subfield>
  </datafield>
  <datafield tag="712" ind1="0" ind2="2">
    <subfield code="a">s.n.</subfield>
    <subfield code="3">IT\ICCU\CNCT\000002</subfield>
    <subfield code="4">650</subfield>
  </datafield>
  <datafield tag="790" ind1=" " ind2="1">
    <subfield code="a">Panfilio,</subfield>
    <subfield code="b">Ganimede</subfield>
    <subfield code="3">IT\ICCU\CNCA\022133</subfield>
    <subfield code="z">Panfilo, Ganimede</subfield>
  </datafield>
  <datafield tag="801" ind1=" " ind2="3">
    <subfield code="a">IT</subfield>
    <subfield code="b">ICCU</subfield>
    <subfield code="c">20201115</subfield>
  </datafield>
  <datafield tag="899" ind1=" " ind2=" ">
    <subfield code="a">Biblioteca nazionale Marciana. Venezia</subfield>
    <subfield code="1">VE0049</subfield>
    <subfield code="2">VEA BM</subfield>
  </datafield>
</record>
</collection>
